<?xml version="1.0" encoding="UTF-8"?><collection xmlns="http://www.loc.gov/MARC21/slim"><record><leader>00448nam--2200169-i-4500</leader><controlfield tag="001">000005932</controlfield><controlfield tag="002">20161230</controlfield><controlfield tag="005">20161230201026</controlfield><controlfield tag="008">060222s1000------------r-----000-0-rum-d</controlfield><datafield ind1=" " ind2=" " tag="040"><subfield code="a">IFIN-HH</subfield></datafield><datafield ind1="1" ind2=" " tag="100"><subfield code="a">Boiangiu, D., Paizi, Gh., Gavrilas, I</subfield></datafield><datafield ind1="1" ind2="0" tag="245"><subfield code="a">Cuplaje</subfield><subfield code="c">D. Boiangiu, Gh. Paizi, I. Gavrilas</subfield></datafield><datafield ind1=" " ind2=" " tag="260"><subfield code="a">Bucuresti, Ed.Tehnica, 1962</subfield></datafield><datafield ind1=" " ind2=" " tag="300"><subfield code="a">302 P</subfield></datafield><datafield ind1="1" ind2=" " tag="700"><subfield code="a">Gavrilas, I</subfield></datafield><datafield ind1=" " ind2=" " tag="852"><subfield code="a">8256</subfield><subfield code="c">/ 531</subfield></datafield><datafield ind1=" " ind2=" " tag="CAT"><subfield code="a">Sys</subfield><subfield code="c">20100621</subfield><subfield code="h">150938</subfield></datafield></record></collection>